%% This BibTeX bibliography file was created using BibDesk.
%% https://bibdesk.sourceforge.io/

%% Created for Arthur Ryman at 2025-01-14 15:56:16 -0500 


%% Saved with string encoding Unicode (UTF-8) 



@book{hartshorne-ag,
	author = {Robin Hartshorne},
	date-added = {2025-01-14 15:52:10 -0500},
	date-modified = {2025-01-14 15:55:31 -0500},
	edition = {1st},
	number = {52},
	publisher = {Springer},
	series = {Graduate Texts in Mathematics},
	title = {Algebraic Geometry},
	year = {1977}}

@book{atiyah-itca,
	author = {M.F. Atiyah and I.G. MacDonald},
	date-added = {2025-01-14 15:33:32 -0500},
	date-modified = {2025-01-14 15:56:08 -0500},
	publisher = {Addison-Wesley},
	series = {Addison-Wesley Series in Mathematics},
	title = {Introduction to Commutative Algebra},
	year = {1969}}

@book{russell-tpom,
	author = {Bertrand Russell},
	date-added = {2023-01-02 16:41:35 -0500},
	date-modified = {2023-01-02 16:54:41 -0500},
	publisher = {Cambridge University Press},
	title = {The Principles of Mathematics},
	url = {https://people.umass.edu/klement/pom/pom-portrait.pdf},
	year = {1903},
	bdsk-file-1 = {YnBsaXN0MDDSAQIDBFxyZWxhdGl2ZVBhdGhYYm9va21hcmtfEJYuLi8uLi8uLi8uLi8uLi8uLi8uLi9MaWJyYXJ5L0Nsb3VkU3RvcmFnZS9PbmVEcml2ZS1QZXJzb25hbC9BcnRpY2xlcyBhbmQgQm9va3MvTWF0aGVtYXRpY3MvTG9naWMvVGhlIFByaW5jaXBsZXMgb2YgTWF0aGVtYXRpY3MgYnkgQmVydHJhbmQgUnVzc2VsbC5wZGZPEQVQYm9va1AFAAAAAAQQMAAAAAAAAAAAAAAAAAAAAAAAAAAAAAAAAAAAAAAAAAAAAAAAQAQAAAUAAAABAQAAVXNlcnMAAAALAAAAAQEAAGFydGh1cnJ5bWFuAAcAAAABAQAATGlicmFyeQAMAAAAAQEAAENsb3VkU3RvcmFnZREAAAABAQAAT25lRHJpdmUtUGVyc29uYWwAAAASAAAAAQEAAEFydGljbGVzIGFuZCBCb29rcwAACwAAAAEBAABNYXRoZW1hdGljcwAFAAAAAQEAAExvZ2ljAAAANQAAAAEBAABUaGUgUHJpbmNpcGxlcyBvZiBNYXRoZW1hdGljcyBieSBCZXJ0cmFuZCBSdXNzZWxsLnBkZgAAACQAAAABBgAABAAAABQAAAAoAAAAOAAAAEwAAABoAAAAhAAAAJgAAACoAAAACAAAAAQDAADrQQAAAAAAAAgAAAAEAwAApyIEAAAAAAAIAAAABAMAAK4iBAAAAAAACAAAAAQDAADsigQAAAAAAAgAAAAEAwAA9gwNAAAAAAAIAAAABAMAAPM0DQAAAAAACAAAAAQDAABJqxoAAAAAAAgAAAAEAwAAeKsaAAAAAAAIAAAABAMAAHMDHwAAAAAAJAAAAAEGAAAUAQAAJAEAADQBAABEAQAAVAEAAGQBAAB0AQAAhAEAAJQBAAAIAAAAAAQAAEHGkuxqgAAAGAAAAAECAAABAAAAAAAAAA8AAAAAAAAAAAAAAAAAAAAIAAAABAMAAAcAAAAAAAAABAAAAAMDAAD1AQAACAAAAAEJAABmaWxlOi8vLwwAAAABAQAATWFjaW50b3NoIEhECAAAAAQDAAAAkIKW5wAAAAgAAAAABAAAQcZzhmGAAAAkAAAAAQEAAEZFNUE4N0Q1LTRDNEItNDREQS05RTY2LTQ2OENDNTE2QzEwOBgAAAABAgAAgQAAAAEAAADvEwAAAQAAAAAAAAAAAAAAAQAAAAEBAAAvAAAAAAAAAAEFAAAaAAAAAQEAAE5TVVJMRG9jdW1lbnRJZGVudGlmaWVyS2V5AAAEAAAAAwMAAAo0AABGAQAAAQIAAGViMGZkYzUzNzc0NzlkMWMxNzA4NTU2MDk5MWNmYTQyYmNlZTVmYzM2YmQ5ZTdkYWE2YjhjZjM2MDg0MGYwNTk7MDA7MDAwMDAwMDA7MDAwMDAwMDA7MDAwMDAwMDA7MDAwMDAwMDAwMDAwMDAyMDtjb20uYXBwbGUuYXBwLXNhbmRib3gucmVhZC13cml0ZTswMTswMTAwMDAwZTswMDAwMDAwMDAwMWYwMzczOzVjOy91c2Vycy9hcnRodXJyeW1hbi9saWJyYXJ5L2Nsb3Vkc3RvcmFnZS9vbmVkcml2ZS1wZXJzb25hbC9hcnRpY2xlcyBhbmQgYm9va3MvbWF0aGVtYXRpY3MvbG9naWMvdGhlIHByaW5jaXBsZXMgb2YgbWF0aGVtYXRpY3MgYnkgYmVydHJhbmQgcnVzc2VsbC5wZGYAAADYAAAA/v///wEAAAAAAAAAEQAAAAQQAADoAAAAAAAAAAUQAACkAQAAAAAAABAQAADgAQAAAAAAAEAQAADQAQAAAAAAAAIgAACsAgAAAAAAAAUgAAAcAgAAAAAAABAgAAAsAgAAAAAAABEgAABgAgAAAAAAABIgAABAAgAAAAAAABMgAABQAgAAAAAAACAgAACMAgAAAAAAADAgAAC4AgAAAAAAAAHAAAAAAgAAAAAAABHAAAAUAAAAAAAAABLAAAAQAgAAAAAAAIDwAADwAgAAAAAAAMACAIDkAgAAAAAAAAAIAA0AGgAjALwAAAAAAAACAQAAAAAAAAAFAAAAAAAAAAAAAAAAAAAGEA==}}

@article{artin-ag1,
	author = {Michael Artin and Allyn Jackson and David Mumford and John Tate},
	journal = {Notices of the AMS},
	month = {3},
	number = {3},
	pages = {242--265},
	title = {Alexandre Grothendieck 1928-2014, Part 1},
	url = {https://www.ams.org/publications/journals/notices/201603/rnoti-p242.pdf},
	volume = {63},
	year = {2016},
	bdsk-url-1 = {https://www.ams.org/publications/journals/notices/201603/rnoti-p242.pdf}}

@article{artin-ag2,
	author = {Michael Artin and Allyn Jackson and David Mumford and John Tate},
	journal = {Notices of the AMS},
	month = {4},
	number = {2},
	pages = {401--413},
	title = {Alexandre Grothendieck 1928-2014, Part 2},
	url = {https://www.ams.org/publications/journals/notices/201604/rnoti-p401.pdf},
	volume = {63},
	year = {2016},
	bdsk-url-1 = {https://www.ams.org/publications/journals/notices/201604/rnoti-p401.pdf}}

@book{poincare-sm,
	author = {Henri Poincar\'{e}},
	note = {Digitized by the Internet Archive in 2008 with funding from Microsoft Corporation},
	publisher = {Thomas Nelson and Sons, London},
	title = {Science and Method},
	translator = {Francis Maitland},
	url = {http://www.archive.org/details//sciencemethod00poinuoft},
	year = {1914},
	bdsk-url-1 = {http://www.archive.org/details//sciencemethod00poinuoft}}

@inbook{poincare-fm,
	chapter = {I.II. The Future of Mathematics},
	crossref = {poincare-sm},
	pages = {34},
	url = {http://www-history.mcs.st-andrews.ac.uk/Extras/Poincare_Future.html},
	bdsk-url-1 = {http://www-history.mcs.st-andrews.ac.uk/Extras/Poincare_Future.html}}

@book{spivey-fm,
	author = {Mike Spivey},
	edition = {Second Edition},
	publisher = {The Spivey Partnership},
	title = {The \fuzz\ Manual},
	url = {https://github.com/Spivoxity/fuzz/blob/59313f201af2d536f5381e65741ee6d98db54a70/doc/fuzzman-pub.pdf},
	year = {2000},
	bdsk-url-1 = {https://github.com/Spivoxity/fuzz/blob/59313f201af2d536f5381e65741ee6d98db54a70/doc/fuzzman-pub.pdf}}

@book{spivey-zrm,
	author = {J. M. Spivey},
	edition = {Second Edition},
	publisher = {Prentice Hall International},
	title = {The Z Notation},
	url = {https://spivey.oriel.ox.ac.uk/wiki/files/zrm/zrm.pdf},
	year = {1992},
	bdsk-url-1 = {https://spivey.oriel.ox.ac.uk/wiki/files/zrm/zrm.pdf}}

@book{maclane-cftwm,
	author = {Saunders Mac Lane},
	date = {1998},
	edition = {Second Edition},
	publisher = {Springer},
	title = {Categories for the Working Mathematician}}

@online{susskind-gr3,
	author = {Leonard Susskind},
	date = {2012-10-08},
	publisher = {Stanford University},
	title = {General Relativity Lecture 3},
	url = {https://youtu.be/cyW0LWEACfI},
	bdsk-url-1 = {https://youtu.be/cyW0LWEACfI}}

@online{villani-hbm,
	author = {C\'{e}dric Villani},
	publisher = {Peter Wall Institute for Advanced Studies},
	title = {Cedric Villani: The Hidden Beauty of Mathematics - Spring 2017 Wall Exchange},
	url = {https://youtu.be/v-d0ruh0CHU?t=1823},
	year = {2017},
	bdsk-url-1 = {https://youtu.be/v-d0ruh0CHU?t=1823}}

@article{einstein,
	author = {Albert Einstein},
	doi = {http://dx.doi.org/10.1002/andp.19053221004},
	journal = {Annalen der Physik},
	keywords = {physics},
	number = {10},
	pages = {891--921},
	title = {{Zur Elektrodynamik bewegter K{\"o}rper}. ({German}) [{On} the electrodynamics of moving bodies]},
	volume = {322},
	year = {1905},
	bdsk-url-1 = {http://dx.doi.org/10.1002/andp.19053221004}}

@book{dirac,
	author = {Paul Adrien Maurice Dirac},
	isbn = {9780198520115},
	keywords = {physics},
	publisher = {Clarendon Press},
	series = {International series of monographs on physics},
	title = {The Principles of Quantum Mechanics},
	year = {1981}}

@book{latexcompanion,
	address = {Reading, Massachusetts},
	author = {Michel Goossens and Frank Mittelbach and Alexander Samarin},
	keywords = {latex},
	publisher = {Addison-Wesley},
	title = {The \LaTeX\ Companion},
	year = {1993}}

@online{knuthwebsite,
	addendum = {(accessed: 01.09.2016)},
	author = {Donald Knuth},
	keywords = {latex,knuth},
	title = {Knuth: Computers and Typesetting},
	url = {http://www-cs-faculty.stanford.edu/~uno/abcde.html},
	bdsk-url-1 = {http://www-cs-faculty.stanford.edu/~uno/abcde.html}}

@inbook{knuth-fa,
	author = {Donald E. Knuth},
	chapter = {1.2},
	keywords = {knuth,programming},
	publisher = {Addison-Wesley},
	title = {Fundamental Algorithms},
	year = {1973}}

@book{knuth-acp,
	author = {Donald E. Knuth},
	keywords = {knuth,programming},
	note = {Seven volumes planned},
	publisher = {Addison-Wesley},
	series = {Four volumes},
	title = {The Art of Computer Programming},
	year = {1968}}

@article{ctan,
	author = {George D. Greenwade},
	journal = {TUGBoat},
	keywords = {latex},
	number = {3},
	pages = {342--351},
	title = {The {C}omprehensive {T}ex {A}rchive {N}etwork ({CTAN})},
	volume = {14},
	year = {1993}}
